@inproceedings{Mislove2007,
  title={Measurement and analysis of online social networks},
  author={Mislove, Alan and Marcon, Massimiliano and Gummadi, Krishna P and Druschel, Peter and Bhattacharjee, Bobby},
  booktitle={Proceedings of the 7th ACM SIGCOMM conference on Internet measurement},
  pages={29--42},
  year={2007},
  organization={ACM}
}

@misc{Statista2017,
    author = "Statista",
    title = "Global social networks ranked by number of users",
    year = "2017",
    howpublished = "https://www.statista.com/statistics/272014/global-social-networks-ranked-by-number-of-users/",
    note = "[Online; acessado em 10 de mar√ßo de 2017]"
}

@article{Cheung2011,
  title={Online social networks: Why do students use facebook?},
  author={Cheung, Christy MK and Chiu, Pui-Yee and Lee, Matthew KO},
  journal={Computers in Human Behavior},
  volume={27},
  number={4},
  pages={1337--1343},
  year={2011},
  publisher={Elsevier}
}
